<?xml version="1.0" encoding="UTF-8"?><collection xmlns="http://www.loc.gov/MARC21/slim"><record><leader>00456nam--2200145-i-4500</leader><controlfield tag="001">000043996</controlfield><controlfield tag="002">20161230</controlfield><controlfield tag="005">20170129005106</controlfield><controlfield tag="008">060222s1000------------r-----000-0-eng-d</controlfield><datafield ind1=" " ind2=" " tag="080"><subfield code="a">621.37.029.6(061.3)</subfield></datafield><datafield ind1=" " ind2=" " tag="245"><subfield code="a">13 th european microwave conference. Messezentrum Nurnberg, West Germany 5th-8th Sept., 1983</subfield></datafield><datafield ind1=" " ind2=" " tag="260"><subfield code="a">Tunbridge Well</subfield><subfield code="b">Microwave Exhibitions And Publ., Ltd</subfield><subfield code="c">1983</subfield></datafield><datafield ind1=" " ind2=" " tag="300"><subfield code="a">XIII+901 p</subfield></datafield><datafield ind1=" " ind2=" " tag="852"><subfield code="a">73186</subfield></datafield><datafield ind1=" " ind2=" " tag="CAT"><subfield code="a">SYS</subfield><subfield code="c">20170129</subfield><subfield code="h">005106</subfield></datafield></record></collection>